@ARTICLE{Borst2011a,
  author = {Borst, Gr\'{e}goire and Kosslyn, Stephen M. and Kievit, Rogier A. and  Thompson, William L.},
  title = {A fictitious entry to demonstrate complicated bibliographies},
  journal = {Journal of Nothingness},
  year = {2011},
  volume = {1},
  pages = {2--3}
}

@ARTICLE{Borst2011b,
  author = {Borst, Gr\'{e}goire and Kievit, Rogier A. and Thompson, William L. and
    Kosslyn, Stephen M.},
  title = {Mental rotation is not easily cognitively penetrable},
  journal = {Journal of Cognitive Psychology},
  year = {2011},
  volume = {23},
  pages = {60--75}
}
