%% 

@ARTICLE{Borst2011a,
  author = {Borst, Gr\'{e}goire and Kosslyn, Stephen M. and Kievit, Rogier A. and  Thompson, William L.},
  title = {A fictitious entry to demonstrate complicated bibliographies},
  journal = {Journal of Nothingness},
  year = {2011},
  volume = {1},
  pages = {2--3}
}

@ARTICLE{Borst2011b,
  author = {Borst, Gr\'{e}goire and Kievit, Rogier A. and Thompson, William L. and
    Kosslyn, Stephen M.},
  title = {Mental rotation is not easily cognitively penetrable},
  journal = {Journal of Cognitive Psychology},
  year = {2011},
  volume = {23},
  pages = {60--75}
}



 
%% This work consists of the file  apa7.dtx
%% and the derived files           apa7.ins,
%%                                 apa7.cls,
%%                                 apa7.pdf,
%%                                 README,
%%                                 APA7american.txt,
%%                                 APA7british.txt,
%%                                 APA7dutch.txt,
%%                                 APA7english.txt,
%%                                 APA7german.txt,
%%                                 APA7ngerman.txt,
%%                                 APA7greek.txt,
%%                                 APA7czech.txt,
%%                                 APA7turkish.txt,
%%                                 APA7endfloat.cfg,
%%                                 Figure1.pdf,
%%                                 shortsample.tex,
%%                                 longsample.tex, and
%%                                 bibliography.bib.
%% 
%%
%% End of file `./samples/bibliography.bib'.
